<?xml version="1.0" encoding="UTF-8" ?><marc:collection xmlns:marc="http://www.loc.gov/MARC21/slim" xmlns:xsi="http://www.w3.org/2001/XMLSchema-instance" xsi:schemaLocation="http://www.loc.gov/MARC21/slim http://www.loc.gov/standards/marcxml/schema/MARC21slim.xsd">
<marc:record><marc:leader>01537cam a2200337Ia 4500</marc:leader>
<marc:controlfield tag="001">b22291180</marc:controlfield>
<marc:controlfield tag="003">UaCaAUL</marc:controlfield><marc:controlfield tag="005">20140626095421.0</marc:controlfield><marc:controlfield tag="008">111114s1923    ua            000 0 arard</marc:controlfield><marc:datafield tag="035" ind1=" " ind2=" "><marc:subfield code="a">(OCoLC)760903332</marc:subfield></marc:datafield><marc:datafield tag="040" ind1=" " ind2=" "><marc:subfield code="a">UUM</marc:subfield><marc:subfield code="c">UUM</marc:subfield><marc:subfield code="d">MEAUC</marc:subfield></marc:datafield><marc:datafield tag="041" ind1="1" ind2=" "><marc:subfield code="a">ara</marc:subfield><marc:subfield code="h">eng</marc:subfield></marc:datafield><marc:datafield tag="049" ind1=" " ind2=" "><marc:subfield code="a">MAIN</marc:subfield></marc:datafield><marc:datafield tag="066" ind1=" " ind2=" "><marc:subfield code="c">(3</marc:subfield></marc:datafield><marc:datafield tag="090" ind1=" " ind2=" "><marc:subfield code="a">BP170</marc:subfield><marc:subfield code="b">.H4312 1923</marc:subfield></marc:datafield><marc:datafield tag="100" ind1="1" ind2=" "><marc:subfield code="a">Headley, Rowland George Allanson-Winn,</marc:subfield><marc:subfield code="c">Baron,</marc:subfield><marc:subfield code="d">1855-1935.</marc:subfield></marc:datafield><marc:datafield tag="240" ind1="1" ind2="0"><marc:subfield code="a">Western awakening to Islam.</marc:subfield><marc:subfield code="l">Arabic.</marc:subfield></marc:datafield><marc:datafield tag="245" ind1="1" ind2="0"><marc:subfield code="6">880-01</marc:subfield><marc:subfield code="a">Mukhtạ̄r Īqāẓ al-Gharb lil-Islām /</marc:subfield><marc:subfield code="c">taʼlīf Sayf al-Raḥmān Raḥmat Allāh Fārūq al-Lūrd Hidlī ; taʻrīb Ismāʻīl Ḥilmī al-Bārūdī.</marc:subfield></marc:datafield><marc:datafield tag="246" ind1="1" ind2=" "><marc:subfield code="6">880-02</marc:subfield><marc:subfield code="i">Title on cover:</marc:subfield><marc:subfield code="a">Īqāẓ al-Gharb lil-Islām.</marc:subfield></marc:datafield><marc:datafield tag="260" ind1=" " ind2=" "><marc:subfield code="6">880-03</marc:subfield><marc:subfield code="a">al-Iskandarīyah :</marc:subfield><marc:subfield code="b">Maṭbaʻat al-Jarīdah al-Tijārīyah al-Miṣrīyah,</marc:subfield><marc:subfield code="c">[1923]</marc:subfield></marc:datafield><marc:datafield tag="300" ind1=" " ind2=" "><marc:subfield code="a">128, 6 p. ;</marc:subfield><marc:subfield code="c">22 cm.</marc:subfield></marc:datafield><marc:datafield tag="650" ind1=" " ind2="0"><marc:subfield code="a">Islam</marc:subfield><marc:subfield code="v">Apologetic works.</marc:subfield></marc:datafield><marc:datafield tag="650" ind1=" " ind2="0"><marc:subfield code="a">Islam</marc:subfield><marc:subfield code="x">Relations</marc:subfield><marc:subfield code="x">Christianity.</marc:subfield></marc:datafield><marc:datafield tag="650" ind1=" " ind2="0"><marc:subfield code="a">Christianity and other religions</marc:subfield><marc:subfield code="x">Islam.</marc:subfield></marc:datafield><marc:datafield tag="880" ind1="1" ind2="0"><marc:subfield code="6">245-01/(3/r</marc:subfield><marc:subfield code="a">مختار ايقاظ الغرب للإسلام /</marc:subfield><marc:subfield code="c">تأليف سيف الرحمن رحمة الله فاروق اللورد هدلي ؛ تعريب إسماعيل حلمي البارودي..</marc:subfield></marc:datafield><marc:datafield tag="880" ind1="3" ind2=" "><marc:subfield code="6">246-02/(3/r</marc:subfield><marc:subfield code="a">ايقاظ الغرب للإسلام.</marc:subfield></marc:datafield><marc:datafield tag="880" ind1=" " ind2=" "><marc:subfield code="6">260-03/(3/r</marc:subfield><marc:subfield code="a">الإسكندرية :</marc:subfield><marc:subfield code="b">مطبعة الجريدة التجارية المصرية،</marc:subfield><marc:subfield code="c">[1923]</marc:subfield></marc:datafield><marc:datafield tag="907" ind1=" " ind2=" "><marc:subfield code="a">.b22291180</marc:subfield><marc:subfield code="b">main </marc:subfield></marc:datafield><marc:datafield tag="902" ind1=" " ind2=" "><marc:subfield code="a">170221</marc:subfield></marc:datafield><marc:datafield tag="998" ind1=" " ind2=" "><marc:subfield code="b">0</marc:subfield><marc:subfield code="c">140626</marc:subfield><marc:subfield code="d">m</marc:subfield><marc:subfield code="e">a</marc:subfield><marc:subfield code="f">-</marc:subfield><marc:subfield code="g">0</marc:subfield><marc:subfield code="k">MAH</marc:subfield></marc:datafield><marc:datafield tag="945" ind1=" " ind2=" "><marc:subfield code="l">main </marc:subfield></marc:datafield></marc:record>
</marc:collection>
